<record><leader>00000cas a2200000 a 4500</leader><controlfield tag="001">31508694</controlfield><controlfield tag="008">941123u193uuuuucauwr ne      0    0eng c</controlfield><datafield ind1=" " ind2=" " tag="010"><subfield code="a">sn 94052462 </subfield></datafield><datafield ind1=" " ind2=" " tag="040"><subfield code="a">CUY</subfield><subfield code="b">eng</subfield><subfield code="c">CNK</subfield><subfield code="d">IXA</subfield><subfield code="d">DLC</subfield><subfield code="d">OCLCQ</subfield><subfield code="d">OCLCF</subfield><subfield code="d">OCLCO</subfield></datafield><datafield ind1="1" ind2=" " tag="029"><subfield code="a">AU@</subfield><subfield code="b">000011427475</subfield></datafield><datafield ind1=" " ind2=" " tag="042"><subfield code="a">pcc</subfield></datafield><datafield ind1=" " ind2=" " tag="043"><subfield code="a">n-us-ca</subfield></datafield><datafield ind1="0" ind2="0" tag="050"><subfield code="a">Newspaper</subfield></datafield><datafield ind1="0" ind2="4" tag="245"><subfield code="a">The Guadalupe gazette and Santa Maria weekly times.</subfield></datafield><datafield ind1=" " ind2=" " tag="260"><subfield code="a">Guadalupe, Calif. :</subfield><subfield code="b">Ernest L. Peterson</subfield></datafield><datafield ind1=" " ind2=" " tag="300"><subfield code="a">v. :</subfield><subfield code="b">ill.</subfield></datafield><datafield ind1=" " ind2=" " tag="310"><subfield code="a">Weekly</subfield></datafield><datafield ind1=" " ind2=" " tag="500"><subfield code="a">Microfilm published by BMI Imaging Systems; issued on series: Chicano serials collection.</subfield></datafield><datafield ind1=" " ind2=" " tag="515"><subfield code="a">Errors in numbering.</subfield></datafield><datafield ind1=" " ind2=" " tag="580"><subfield code="a">Merger of: Guadalupe gazette (Guadalupe, Calif.), and: Santa Maria weekly times.</subfield></datafield><datafield ind1=" " ind2=" " tag="588"><subfield code="a">Description based on: Vol. 6, no. 34 (Jan. 8, 1931) = v. 40, no. 30.</subfield></datafield><datafield ind1=" " ind2=" " tag="588"><subfield code="a">Latest issue consulted: Vol. 6, no. 36 [i.e. 38] (Feb. 5, 1931) = v. 48 [i.e. 40], no. 32.</subfield></datafield><datafield ind1=" " ind2="0" tag="651"><subfield code="a">Guadalupe (Calif.)</subfield><subfield code="v">Newspapers.</subfield></datafield><datafield ind1=" " ind2="0" tag="651"><subfield code="a">Santa Maria (Calif.)</subfield><subfield code="v">Newspapers.</subfield></datafield><datafield ind1=" " ind2="7" tag="655"><subfield code="a">Newspapers.</subfield><subfield code="2">fast</subfield><subfield code="0">(OCoLC)fst01423814</subfield></datafield><datafield ind1=" " ind2="7" tag="651"><subfield code="a">California</subfield><subfield code="z">Guadalupe.</subfield><subfield code="2">fast</subfield><subfield code="0">(OCoLC)fst01226651</subfield></datafield><datafield ind1=" " ind2="7" tag="651"><subfield code="a">California</subfield><subfield code="z">Santa Maria.</subfield><subfield code="2">fast</subfield><subfield code="0">(OCoLC)fst01214308</subfield></datafield><datafield ind1=" " ind2=" " tag="752"><subfield code="a">United States</subfield><subfield code="b">California</subfield><subfield code="c">Santa Barbara</subfield><subfield code="d">Guadalupe.</subfield></datafield><datafield ind1="1" ind2="4" tag="780"><subfield code="t">Guadalupe gazette (Guadalupe, Calif.)</subfield><subfield code="w">(DLC)sn 94052461</subfield><subfield code="w">(OCoLC)31508632</subfield></datafield><datafield ind1="1" ind2="4" tag="780"><subfield code="t">Santa Maria weekly times</subfield></datafield></record>